<record><leader>00000cas a2200000 a 4500</leader><controlfield tag="001">12939753</controlfield><controlfield tag="008">851220d18951928ksuwr ne      0    0eng d</controlfield><datafield ind1=" " ind2=" " tag="010"><subfield code="a">sn 85067270 </subfield></datafield><datafield ind1=" " ind2=" " tag="040"><subfield code="a">KSH</subfield><subfield code="b">eng</subfield><subfield code="c">KSH</subfield><subfield code="d">NPT</subfield><subfield code="d">OCL</subfield><subfield code="d">OCLCQ</subfield></datafield><datafield ind1=" " ind2=" " tag="042"><subfield code="a">msc</subfield></datafield><datafield ind1="0" ind2=" " tag="130"><subfield code="a">Yates Center news (Yates Center, Kan. : 1895)</subfield></datafield><datafield ind1="1" ind2="4" tag="245"><subfield code="a">The Yates Center news.</subfield></datafield><datafield ind1=" " ind2=" " tag="260"><subfield code="a">Yates Center, Kan. :</subfield><subfield code="b">Trueblood &amp; Stephenson,</subfield><subfield code="c">1895-1928.</subfield></datafield><datafield ind1=" " ind2=" " tag="300"><subfield code="a">34 v. :</subfield><subfield code="b">ill. ;</subfield><subfield code="c">49-65 cm.</subfield></datafield><datafield ind1=" " ind2=" " tag="310"><subfield code="a">Weekly</subfield></datafield><datafield ind1="0" ind2=" " tag="362"><subfield code="a">Vol. 19, no. 7 (June 28, 1895)-v. 51, no. 52 (Apr. 27, 1928).</subfield></datafield><datafield ind1=" " ind2=" " tag="500"><subfield code="a">Published by R.H. Trueblood, Jan. 7, 1919-Nov. 9, 1928.</subfield></datafield><datafield ind1=" " ind2=" " tag="500"><subfield code="a">Republican.</subfield></datafield><datafield ind1=" " ind2=" " tag="500"><subfield code="a">Includes supplements.</subfield></datafield><datafield ind1=" " ind2=" " tag="752"><subfield code="a">United States</subfield><subfield code="b">Kansas</subfield><subfield code="c">Woodson</subfield><subfield code="d">Yates Center.</subfield></datafield><datafield ind1="0" ind2="0" tag="780"><subfield code="t">News (Yates Center, Kan. : 1884)</subfield><subfield code="w">(DLC)sn 85067269</subfield></datafield><datafield ind1="0" ind2="5" tag="780"><subfield code="t">Woodson gazette</subfield><subfield code="g">Feb. 28, 1896</subfield><subfield code="w">(DLC)sn 85067257</subfield></datafield><datafield ind1="0" ind2="5" tag="780"><subfield code="t">Piqua herald</subfield><subfield code="g">June 1903</subfield><subfield code="w">(DLC)sn 85067263</subfield></datafield><datafield ind1="0" ind2="7" tag="780"><subfield code="t">Woodson County advocate (Yates Center, Kan. : 1899)</subfield><subfield code="w">(DLC)sn 85067277</subfield></datafield><datafield ind1="0" ind2="7" tag="780"><subfield code="t">Yates Center news Woodson County advocate</subfield><subfield code="w">(DLC)sn 85067275</subfield></datafield><datafield ind1="1" ind2=" " tag="029"><subfield code="a">AU@</subfield><subfield code="b">000022171757</subfield></datafield></record>